<marcxml:record xmlns:xlink="http://www.w3.org/1999/xlink" xmlns:marcxml="http://www.loc.gov/MARC21/slim" xmlns:mets="http://www.loc.gov/METS/" xmlns:mxe="http://www.loc.gov/mxe" xmlns:rdf="http://www.w3.org/1999/02/22-rdf-syntax-ns#" xmlns:rdfs="http://www.w3.org/2000/01/rdf-schema#" xmlns:skos="http://www.w3.org/2004/02/skos/core#" xmlns:madsrdf="http://www.loc.gov/mads/rdf/v1#" xmlns:ri="http://id.loc.gov/ontologies/RecordInfo#" xmlns:sem="http://marklogic.com/semantics">
  <marcxml:leader>01053cz  a2200217n  4500</marcxml:leader>
  <marcxml:controlfield tag="001">n83197241</marcxml:controlfield>
  <marcxml:controlfield tag="003">DLC</marcxml:controlfield>
  <marcxml:controlfield tag="005">19970806053554.2</marcxml:controlfield>
  <marcxml:controlfield tag="008">830706n| acannaab|          |a ana      </marcxml:controlfield>
  <marcxml:datafield tag="010" ind1=" " ind2=" ">
    <marcxml:subfield code="a">n  83197241 </marcxml:subfield>
  </marcxml:datafield>
  <marcxml:datafield tag="035" ind1=" " ind2=" ">
    <marcxml:subfield code="a">(OCoLC)oca01010655 </marcxml:subfield>
  </marcxml:datafield>
  <marcxml:datafield tag="040" ind1=" " ind2=" ">
    <marcxml:subfield code="a">DLC</marcxml:subfield>
    <marcxml:subfield code="c">DLC</marcxml:subfield>
    <marcxml:subfield code="d">NjP</marcxml:subfield>
    <marcxml:subfield code="d">NcU</marcxml:subfield>
  </marcxml:datafield>
  <marcxml:datafield tag="110" ind1="2" ind2="0">
    <marcxml:subfield code="a">Altes Museum (Berlin, Germany)</marcxml:subfield>
  </marcxml:datafield>
  <marcxml:datafield tag="410" ind1="1" ind2="0">
    <marcxml:subfield code="w">nnaa</marcxml:subfield>
    <marcxml:subfield code="a">Berlin.</marcxml:subfield>
    <marcxml:subfield code="b">Altes Museum</marcxml:subfield>
  </marcxml:datafield>
  <marcxml:datafield tag="410" ind1="2" ind2="0">
    <marcxml:subfield code="a">Staatliche Museen zu Berlin (Germany : East).</marcxml:subfield>
    <marcxml:subfield code="b">Altes Museum</marcxml:subfield>
  </marcxml:datafield>
  <marcxml:datafield tag="410" ind1="2" ind2="0">
    <marcxml:subfield code="a">Staatliche Museen zu Berlin--Preussischer Kulturbesitz.</marcxml:subfield>
    <marcxml:subfield code="b">Altes Museum</marcxml:subfield>
  </marcxml:datafield>
  <marcxml:datafield tag="670" ind1=" " ind2=" ">
    <marcxml:subfield code="a">Barlach, E. Ernst Barlach, 1981 (a.e.)</marcxml:subfield>
    <marcxml:subfield code="b">v. 1, t.p. (Alten Museum)</marcxml:subfield>
  </marcxml:datafield>
  <marcxml:datafield tag="670" ind1=" " ind2=" ">
    <marcxml:subfield code="a">DDR Handb., 1979</marcxml:subfield>
    <marcxml:subfield code="b">(under Museen: listed under Staatliche Museen zu Berlin as Altes Museum (Kupferstichkabinett und Zeichnungen))</marcxml:subfield>
  </marcxml:datafield>
  <marcxml:datafield tag="670" ind1=" " ind2=" ">
    <marcxml:subfield code="a">LC data base, 6-27-83</marcxml:subfield>
    <marcxml:subfield code="b">(hdgs.: Berlin. Altes Museum; Altes Museum (Berlin, Germany))</marcxml:subfield>
  </marcxml:datafield>
  <marcxml:datafield tag="670" ind1=" " ind2=" ">
    <marcxml:subfield code="a">Museumsinsel Berlin, c1994:</marcxml:subfield>
    <marcxml:subfield code="b">p. 13 (Altes Museum)</marcxml:subfield>
  </marcxml:datafield>
  <marcxml:datafield tag="670" ind1=" " ind2=" ">
    <marcxml:subfield code="a">Int'l dir. of arts, 1995/96</marcxml:subfield>
    <marcxml:subfield code="b">(under Berlin: Altes Museum, Staatliche Museen zu Berlin--Preussischer Kulturbesitz, Bodestr. 1-3, Museuminsel)</marcxml:subfield>
  </marcxml:datafield>
</marcxml:record>
